
@book{ligginsDistributedDataFusion2012,
  title = {Distributed {{Data Fusion}} for {{Network}}-{{Centric Operations}}},
  author = {Liggins, M. and Chong, C. Y. and Hall, D. and Llinas, J.},
  date = {2012},
  publisher = {{CRC Press}},
  isbn = {978-1-4398-5830-1}
}

@article{risticCryptographicallyPrivilegedState2022,
  title = {Cryptographically {{Privileged State Estimation With Gaussian Keystreams}}},
  author = {Ristic, Marko and Noack, Benjamin and Hanebeck, Uwe D.},
  date = {2022},
  journaltitle = {IEEE Control Systems Letters},
  volume = {6},
  pages = {602--607},
  issn = {2475-1456},
  doi = {10.1109/LCSYS.2021.3084405},
  eventtitle = {{{IEEE Control Systems Letters}}},
  keywords = {Channel estimation,Computational modeling,Cryptography,Encrypted state estimation,Estimation,Kalman filtering,Noise measurement,State estimation,stream ciphers,Time measurement},
  file = {C\:\\Users\\ristic\\Zotero\\storage\\2JPV7RUU\\Ristic et al. - 2022 - Cryptographically Privileged State Estimation With.pdf;C\:\\Users\\ristic\\Zotero\\storage\\GKUDG6XV\\9442826.html}
}


